Employee ID,Employee,Gender,Coach, ActiveStartDate,Department,QNH Foundations Coach Survey,CORE Certification First Result,QNH 45 Day Employee Survey,QNH 45 Day Coach Survey,QNH 90 Day Employee Survey,QNH 90 Day Lead Survey,QNH 180 Day Employee Survey,QNH 180 Day Lead Survey,QNH 270 Day Employee Survey,QNH 270 Day Lead Survey,QNH Termination,Date of Termination
1,Brandi Johnson,F,Sabrina Clore,10/12/2009,Product Support,80,95,59,82,57,70,76,80,76,72,,
2,Lisa Bailey,F,LCS,1/23/2012,PDC,88,50,100,90,99,100,100,0,99,100,,
3,Jeffery Stewart,M,Don Paquette,7/11/2016,Product Support,,,,,,,,,,,,
4,Sharon Rodriguez,F,Human Resources,1/3/2017,HR,,,,,,,,,,,,8/20/2021
5,Shelly Daniels,F,Account Management,8/18/2014,LCS,,,,,,,,,,,,2/19/2021
6,Daniel Anderson,F,Jennifer Kephart,8/27/2018,Customer Success,,,,,,,,,,,,12/27/2022
7,Marcia Zimmerman,F,Carrie Legner,7/1/2019,PDC,,,,,,,,,,,,
8,Lori Mckinney,F,Sabrina Clore,2/9/2009,Customer Success,,,,,,,,,,,,
9,Kendra Hernandez,F,Morgan Walker,1/13/2015,Bus Analysis,,,,,,,,,,,,
10,Alejandro Carpenter,M,Sabrina Clore,7/2/2018,Channel Partner,,,,,,,,,,,,
11,Alexander Morris DDS,M,Jennifer Kephart,5/20/2019,Training,,,,,,,,,,,,
12,Holly Wilson,M,Morgan Walker,9/9/2019,Training,,,,,,,,,,,,
13,Megan Greene,F,Jennifer Kephart,4/22/2019,Training,,,,,,,,,,,,
14,Anthony Jackson,F,Don Paquette,9/10/2018,Implementation,,,,,,,,,,,,
15,Bryan Nunez,F,Morgan Walker,8/6/2018,Implementation,,,,,,,,,,,,
16,William Huang,F,Don Paquette,5/9/2016,Implementation,,,,,,,,,,,,
17,Robert Nguyen,M,Don Paquette,10/19/2015,Training,,,,,,,,,,,,
18,Stephanie Harmon,M,Sabrina Clore,11/2/2016,IT Services,,,,,,,,,,,,
19,Tiffany Hickman,M,IT Services,11/12/2018,IT Services,,,,,,,,,,,,9/10/2021
20,Destiny Hernandez,M,LCS,10/28/2019,Sales,,,,,,,,,,,,7/16/2021
21,Kara Schwartz,F,Morgan Walker,10/8/2007,Sales,,,,,,,,,,,,
22,Mr. Jerry Cruz,F,Don Paquette,8/7/2017,IT Services,,,,,,,,,,,,
23,James Rogers,F,Don Paquette,10/16/2017,Customer Success,,,,,,,,,,,,
24,Sandra Mckay,F,Don Paquette,1/2/2001,Sales,,,,,,,,,,,,
25,Angela Schaefer,F,Don Paquette,6/4/2018,Bus Analysis,,,,,,,,,,,-30,12/3/2021
26,Ernest Gomez,M,Sabrina Clore,1/11/2016,Customer Success,,,,,,,,,,,,
27,Michael Smith,F,Sabrina Clore,3/3/2008,Pro Services,,,,,,,,,,,,
28,Pamela Rogers,M,Morgan Walker,2/6/2017,Pro Services,,,,,,,,,,,,
29,Jennifer Butler,F,Don Paquette,10/14/2019,Mobile,,,,,,,,,,,,
30,Mark Payne,F,Morgan Walker,1/28/2019,Pro Services,,,,,,,,,,,,
31,Vincent Smith,M,Sabrina Clore,10/3/2016,Sales,,,,,,,,,,,,
32,Dawn Lewis,M,Morgan Walker,3/6/2017,Sales,,,,,,,,,,,,
33,Amy Johnston,F,Sabrina Clore,10/1/2018,Product Support,,,,,,,,,,,,
34,Jenna Smith,M,Don Paquette,11/11/2019,IT Services,,,,,,,,,,,,
35,Joanne Rodriguez,M,Carrie Legner,1/7/2019,Product Support,,,,,,,,,,,,8/6/2021
36,Cynthia Brooks,M,Jennifer Kephart,8/6/2018,LEAD program,,,,,,,,,,,,
37,Richard Anderson,M,Don Paquette,9/9/2019,Channel Partner,,,,,,,,,,,,
38,John Foster,F,Carrie Legner,8/19/2019,Product Support,,,,,,,,,,,,3/7/2022
39,Mrs. Ashley Weeks MD,M,Morgan Walker,8/12/2019,Product Support,,,,,,,,,,,,6/25/2021
40,Susan Bennett,F,Carrie Legner,9/9/2019,API,,,,,,,,,,,,6/7/2022
41,Kimberly Gilbert,M,Sabrina Clore,1/7/2019,API,,,,,,,,,,,,
42,Natalie Serrano,F,Jennifer Kephart,11/11/2019,Product Support,,,,,,,,,,,,7/17/2020
43,Shannon Michael,M,Don Paquette,7/1/2019,Training,,,,,,,,,,,,
44,Mark Gutierrez,M,Don Paquette,1/7/2019,Bus Analysis,,,,,,,,,,,,
45,Jenna Good,F,Don Paquette,10/28/2019,Product Support,,,,,,,,,,,,11/10/2022
46,Matthew Watson,F,Sabrina Clore,7/30/2018,Product Support,,,,,,,,,,,,
47,Michael Moore,F,Don Paquette,7/1/2019,Training,,,,,,,,,,,,
48,Sheila Odom,F,Sabrina Clore,11/4/2019,Express,,,,,,,,,,,,
49,Dr. Pamela Davis,F,Jennifer Kephart,11/11/2019,Customer Success,,,,,,,,,,,,
50,Michael Rodriguez,F,Morgan Walker,11/11/2019,Customer Success,,87,,,,,,,,,,
51,Christina White,M,Carrie Legner,11/11/2019,Express,,,,,,,,,,,,4/21/2022
52,Ashley Sanders,F,LCS,9/9/2019,Product Support,,,,,,,,,,,,4/17/2020
53,Jason Ross,M,Don Paquette,8/19/2019,Systems,,,,,,,,,,,,
54,Aaron Allen,M,Don Paquette,1/7/2019,Implementation,,97,,,,,,,,,,
55,Ms. Danielle Santiago,F,Don Paquette,12/20/2010,LCS,,,,,,,,,,,,
56,Michael Young,F,Sabrina Clore,2/3/2020,Product Support,,,,,,,,,,,,5/16/2021
57,Thomas Davis,F,Don Paquette,4/22/2019,Pro Services,,,,,,,,,,,,7/21/2023
58,Gregory Russell,M,Carrie Legner,10/14/2019,Product Support,,,,,,,,,,,,4/8/2022
59,Megan Ayala,M,Don Paquette,5/29/2018,Express,,,,,,,,,,,,
60,Patricia Escobar,F,Don Paquette,3/2/2020,Product Support,,,,,,,,,,,,12/4/2020
61,Jason Garcia,M,LCS,2/3/2020,PDC,,98,,,,,,,,,,
62,Kristy Roberts,F,Don Paquette,9/21/2015,Express,,,,,,,,,,,,3/7/2022
63,Patricia Hart,M,Don Paquette,5/21/2018,Portal,,,,,,,,,,,,
64,Michael Alexander,M,Morgan Walker,2/3/2020,Marketing,,,,,,,,,,,,
65,Kathy Myers,M,Morgan Walker,3/2/2020,IT Services,,,,,,,,,,,,
66,Sharon Walker,F,Jennifer Kephart,9/23/2019,Product Support,,,,,,,,,,,,2/1/2020
67,Connor Sanders,F,Jennifer Kephart,2/17/2020,Implementation,,,,,,,,,,,,4/8/2020
68,Dustin Williams,M,LCS,8/5/2019,Product Support,,,,,,,,,,,,9/11/2020
69,Christopher Collins,M,Jennifer Kephart,1/6/2020,Express,,,,,,,,,,,,4/29/2022
70,Lori Hughes,M,Jennifer Kephart,9/16/2019,API,,,,,,,,,,,,
71,Sheila Walker,F,Don Paquette,9/16/2019,Customer Success,,,,,,,,,,,-30,
72,Laura Patrick,M,Sabrina Clore,8/28/2017,WD Innov,,,,,,,,,,,,3/7/2022
73,Wayne Stevens,M,Morgan Walker,4/8/2019,Product Support,,,,,,,,,,,,3/26/2020
74,Catherine Owen,F,Jennifer Kephart,1/2/2018,RM12 Conversion,,,,,,,,,,,,
75,Renee Turner,F,Jennifer Kephart,9/16/2019,Sales,,,,,,,,,,,,
76,Jonathan Stewart,M,Morgan Walker,2/18/2019,WD Innov,,,,,,,,,,,,
77,Vanessa Perez,M,Sabrina Clore,2/28/2016,Implementation,,,,,,,,,,,,
78,Anthony Young,F,Morgan Walker,12/1/2014,Customer Success,,,,,,,,,,,,
79,Christopher Simpson,M,Sabrina Clore,6/25/2018,Product Support,,,,,,,,,,,,
80,Michelle Anderson,M,Don Paquette,1/6/2020,Portal,,,,,,,,,,,,8/14/2020
81,Elizabeth Skinner,M,Morgan Walker,6/24/2019,QManage,,,,,,,,,,,,
82,Dr. Tyler Davis,M,Sabrina Clore,8/5/2019,Product Support,,,,,,,,,,,,3/21/2022
83,Tracy Collins,F,Don Paquette,1/13/2015,Bus Analysis,,,,,,,,,,,,
84,Sean Brown,M,Morgan Walker,9/23/2019,Pro Services,,,,,,,,,,,,
85,Rachel Moore,F,Don Paquette,12/2/2019,Marketing,,,,,,,,,,,,
86,James Thomas,F,Morgan Walker,12/2/2019,NDT,,,,,,,,,,,,
87,Amy Hall,M,Jennifer Kephart,1/3/2017,Sales,,,,,,,,,,,,
88,Samantha Price,M,Morgan Walker,11/5/2018,Software Dev,,,,,,,,,,,,
89,Madison Morales,F,Morgan Walker,1/6/2020,Customer Success,,,,,,,,,,,,
90,Jeffrey Adams,M,Morgan Walker,1/6/2020,Product Support,,,,,,,,,,,,
91,Tammy Mora,F,Don Paquette,6/17/2019,Implementation,,,,,,,,,,,,
92,Edwin Myers,M,Jennifer Kephart,9/23/2019,Bus Analysis,,,,,,,,,,,,
93,Jason Scott,M,Morgan Walker,1/6/2020,QManage,,,,,,,,,,,,
94,Tara Hill DDS,F,Carrie Legner,1/6/2020,WD Prod,,,,,,,,,,,,12/18/2020
95,Ashley Mueller,F,Jennifer Kephart,3/23/2015,Product Support,,,,,,,,,,,,12/31/2022
96,Colleen Price,M,Morgan Walker,10/20/2014,Bus Analysis,,,,,,,,,,,,1/21/2022
97,Thomas Lynch,M,Morgan Walker,9/12/2016,Bus Analysis,,,,,,,,,,,,
98,Michael Howard,M,Sabrina Clore,1/30/2017,Bus Analysis,,,,,,,,,,,,3/29/2022
99,Michael Brown,M,Jennifer Kephart,6/10/2019,NDT,,,,,,,,,,,,2/14/2020
100,Matthew Lopez,M,Don Paquette,5/19/2014,API,,,,,,,,,,,,3/7/2022
101,Brandon Ramirez,M,Nick Geisen,2/13/2012,Pro Services,,,,,,,,,,,,3/18/2022
102,Joshua Leonard,M,Don Paquette,12/5/2016,Express,,,,,,,,,,,,
103,Troy Nunez,M,LCS,10/29/2012,Portal,,,,,,,,,,,,8/7/2020
104,Valerie Watson,F,Morgan Walker,12/15/2008,RM12,,,,,,,,,,,,
105,Ronald Collins,F,Jennifer Kephart,9/4/2012,Customer Success,,,,,,,,,,,,
106,Connor Walker,M,Don Paquette,2/25/2019,Portal,,,,,,,,,,,,
107,Edwin Thomas,F,Jennifer Kephart,7/21/2014,Bus Analysis,,,,,,,,,,,,
108,Daniel Gardner,F,Morgan Walker,5/23/2016,Product Support,,,,,,,,,,,,12/18/2016
109,Thomas Cruz,M,Don Paquette,4/13/2015,Customer Success,,,,,,,,,,,,
110,Aaron Daniel,F,Sabrina Clore,4/23/2018,Portal,,,,,,,,,,,,10/21/2021
111,Gregory Hunter,F,Sabrina Clore,5/1/2017,NDT,,,,,,,,,,,-30,11/24/2021
112,Amanda Brooks,M,Morgan Walker,1/13/2020,API Services,,,,,,,,,,,,4/1/2022
113,Jennifer Mcdonald,M,Jennifer Kephart,2/10/2020,Product Support,,,,,,,,,,,,12/8/2020
114,Dawn Walker,M,Morgan Walker,2/12/2018,API Services,,,,,,,,,,,,
115,Shelley Anderson,F,Morgan Walker,12/17/2018,Pro Services,,,,,,,,,,,,8/31/2023
116,Tina Graham,F,Morgan Walker,9/30/2019,Training,,99,,,,,,,,,,
117,Sarah Ramirez,M,Morgan Walker,9/24/2018,Product Support,,,,,,,,,,,,11/10/2019
118,Amy Tucker,F,Jennifer Kephart,6/4/2019,Training,,,,,,,,,,,,
119,Nicole Faulkner,F,Jennifer Kephart,8/13/2018,Customer Success,,,,,,,,,,,,
120,Chelsea Lane,M,Jennifer Kephart,4/23/2018,Implementation,,,,,,,,,,,,
121,Nicholas Smith,M,Morgan Walker,8/26/2019,Product Support,,,,,,,,,,,,
122,Bryan Miller,M,Sabrina Clore,1/20/2020,Product Support,,,,,,,,,,,,
123,John Gomez,M,Sabrina Clore,10/21/2019,Product Support,,,,,,,,,,,,
124,Jesse Wallace,F,Jennifer Kephart,3/25/2019,Bus Analysis,,,,,,,,,,,,
125,Luis Castillo,M,Morgan Walker,5/1/2017,Customer Success,,,,,,,,,,,,
126,Erik Esparza,M,Jennifer Kephart,6/12/2017,Customer Success,,,,,,,,,,,,
127,Cassandra Smith,M,Sabrina Clore,1/28/2019,Product Support,,,,,,,,,,,,
128,Jesse Hayes,M,Account Management,2/10/2020,LCS,,,,,,,,,,,,5/28/2021
129,Tamara Montgomery,M,Nick Geisen,6/3/2019,QManage,,,,,,,,,,,,6/4/2021
130,Megan Ford,M,LCS,2/4/2019,Systems,,,,,,,,,,,,8/19/2021
131,Nicholas Ford,M,Jennifer Kephart,3/25/2019,IT Services,,,,,,,,,,,,6/24/2022
132,David Velasquez,F,Jennifer Kephart,6/3/2019,Product Support,,,,,,,,,,,-30,12/21/2021
133,Paul Lopez,F,Nick Geisen,3/25/2019,Sales,,,,,,,,,,,-30,12/30/2021
134,Mckenzie Simon,M,LCS,1/13/2020,RM12 Conversion,,,,,,,,,,,,4/30/2021
135,Angela Pratt,F,Don Paquette,9/30/2019,Customer Success,,,,,,,,,,,,12/30/2021
136,Jason Freeman,F,LCS,8/27/2018,PDC,,,,,,,,,,,,
137,Ronald Stanley,M,Jennifer Kephart,10/6/2014,Customer Success,,,,,,,,,,,,
138,Meghan Williams,F,Morgan Walker,8/26/2019,Express,,,,,,,,,,,,
139,Jacob Hunter,F,Jennifer Kephart,1/29/2018,Implementation,,,,,,,,,,,,4/26/2022
140,Andrea Best,F,Morgan Walker,10/29/2018,RM12 Conversion,,,,,,,,,,,,
141,Matthew Long,M,Morgan Walker,5/31/2016,Sales,,,,,,,,,,,,
142,Felicia Robinson,F,Don Paquette,10/21/2019,Marketing,0,,,,,,,,,,,9/9/2022
143,Cindy Rasmussen,M,Morgan Walker,6/3/2019,Customer Success,,,,,,,,,,,,
144,Todd Hudson,F,Sabrina Clore,10/21/2019,Customer Success,,,,,,,,,,,,
145,Richard Olson,F,Don Paquette,10/30/2017,Customer Success,,,,,,,,,,,,
146,Bryan Combs,M,Don Paquette,8/26/2019,Systems,,,,,,,,,,,,9/25/2020
147,Sandra Miller,F,Morgan Walker,9/5/2017,Web Development,,,,,,,,,,,,
148,Tyler Poole,M,Don Paquette,5/26/2015,Pro Services,,,,,,,,,,,,
149,Wayne Ball,F,Morgan Walker,1/6/2020,API,,,,,,,,,,,,8/6/2021
150,Sara Reese,M,Jennifer Kephart,1/27/2014,Systems,,,,,,,,,,,,
151,Laurie Thompson,M,Morgan Walker,6/3/2019,Express,,,,,,,,,,,,7/15/2022
152,Meghan Vargas,M,LCS,12/4/2017,QManage,,,,,,,,,,,,11/24/2021
153,Brian Gonzalez PhD,F,Sabrina Clore,1/7/2019,WD Prod,,,,,,,,,,,,
154,Melissa Conley,F,Don Paquette,11/30/2015,API,,,,,,,,,,,,4/22/2022
155,Brandy Brandt,M,Jennifer Kephart,5/21/2018,LCS,,,,,,,,,,,,
156,Samantha Allen,M,Morgan Walker,11/14/2016,Systems,,,,,,,,,,,,8/21/2020
157,Robyn Meyer,M,Morgan Walker,1/6/2020,Express,,,,,,,,,,,,8/21/2020
158,Robyn Klein,M,LCS,9/10/2018,,,,,,,,,,,,,6/16/2020
159,Courtney Johnston,F,Morgan Walker,6/22/2015,Marketing,,,,,,,,,,,,1/21/2022
160,Samuel Oconnell,M,LCS,8/22/2012,Pro Services,,,,,,,,,,,,
161,Vanessa Pierce,F,LCS,1/27/2014,Sales,,,,,,,,,,,,
162,Anthony Gilmore,F,Morgan Walker,6/6/2016,Mobile,,,,,,,,,,,,
163,Jose Rogers,M,Morgan Walker,1/7/2019,WD Prod,,,,,,,,,,,,4/30/2021
164,Benjamin Ramirez,F,Sabrina Clore,2/9/2015,Training,,,,,,,,,,,,
165,Gregory Wheeler,F,LCS,10/8/2013,Marketing,,,,,,,,,,,,
166,Jennifer Ortiz,F,Don Paquette,12/21/2015,LCS,,,,,,,,,,,,
167,Jason Bennett,F,Don Paquette,4/9/2018,WD Prod,,,,,,,,,,,,7/9/2021
168,Megan Davis,M,Jennifer Kephart,1/11/2010,Accounting,,,,,,,,,,,,
169,Judy Roberts,M,Don Paquette,6/8/2015,Bus Analysis,,,,,,,,,,,,5/12/2023
170,Andrea Smith,M,Sabrina Clore,9/18/2017,Software Dev,,,,,,,,,,,,
171,Julie Cardenas,F,LCS,9/8/2015,Dev Tools Release,,,,,,,,,,,,7/23/2021
172,Crystal Werner,F,LCS,4/9/2009,LCS,,,,,,,,,,,,
173,Chase West,M,LCS,5/11/2015,Express,,,,,,,,,,,,
174,John Parker,M,Morgan Walker,11/14/2016,API,,,,,,,,,,,,
175,Michelle Brown,F,Carrie Legner,6/22/2015,Express,,,,,,,,,,,,10/15/2021
176,Angela Rowe,M,Sabrina Clore,5/11/2015,Mobile,,,,,,,,,,,,9/23/2022
177,Michael Lambert,M,Morgan Walker,12/2/2019,API Services,,,,,,,,,,,,1/5/2022
178,Rachael Jenkins,M,Jennifer Kephart,12/4/2017,QManage,,,,,,,,,,,,4/23/2021
179,Monica Le,M,Jennifer Kephart,10/10/2011,Express,,,,,,,,,,,,
180,Christy Johnston,F,Morgan Walker,12/22/2014,Accounting,,,,,,,,,,,,5/27/2022
181,George Brooks,F,Jennifer Kephart,11/5/2018,WD Innov,,,,,,,,,,,,8/27/2021
182,Dawn Love,F,Don Paquette,3/23/2020,Express,,,,,,,,,,,,
183,Luis Rosario,F,Don Paquette,10/28/2013,API Services,,,,,,,,,,,,
184,Erica Garrett,F,LCS,2/5/2007,Bus Analysis,,,,,,,,,,,,
185,Melissa Robinson,M,Don Paquette,9/6/2011,Systems,,,,,,,,,,,,
186,Stacey Kennedy,M,Jennifer Kephart,9/6/2016,Systems,,,,,,,,,,,,8/31/2020
187,Robert Thomas,F,LCS,11/23/2009,Sales,,,,,,,,,,,,
188,Kayla Johnson,M,Sabrina Clore,5/20/2013,Dev Tools Release,,,,,,,,,,,,
189,Mario Farmer,M,Jennifer Kephart,1/6/2020,Product Support,,,,,,,,,,,,11/25/2020
190,Laura Parker,F,LCS,12/12/2016,Pro Services,,,,,,,,,,,,8/6/2021
191,Casey Lynch,F,LCS,11/13/2012,LCS,,,,,,,,,,,,
192,Todd Stone,M,Don Paquette,8/22/2016,NDT,,,,,,,,,,,,9/25/2020
193,Amy Hess,F,Sabrina Clore,7/7/2014,Marketing,,,,,,,,,,,,
194,Kenneth Rogers,F,Jennifer Kephart,12/1/2008,HR,,,,,,,,,,,,
195,Jerry Elliott,M,Don Paquette,6/26/2017,WD Innov,,,,,,,,,,,,9/17/2021
196,Colleen Robles,M,LCS,10/14/2013,Express,,,,,,,,,,,,7/23/2021
197,Michelle Carroll,M,LCS,3/23/2009,Customer Success,,,,,,,,,,,,
198,Kayla Jones,F,Don Paquette,2/20/2017,Pro Services,,,,,,,,,,,,
199,Marc Hayden,F,LCS,3/30/2015,Training,,,,,,,,,,,,2/24/2023
200,Timothy Mckinney,F,Morgan Walker,6/3/2019,Portal,,,,,,,,,,,,
201,Janice Mcintosh,M,Jennifer Kephart,6/13/2016,Marketing,,,,,,,,,,,,
202,Joel Rodriguez,M,Jennifer Kephart,5/8/2017,Mobile,,,,,,,,,,,,
203,Miranda Kelly,F,Jennifer Kephart,12/3/2012,Sales,,,,,,,,,,,,7/2/2021
204,Virginia Edwards,F,Sabrina Clore,1/22/2007,Bus Analysis,,,,,,,,,,,,
205,Steven Sullivan,F,LCS,9/10/2018,NDT,,,,,,,,,,,,5/29/2020
206,Pamela Michael,M,Morgan Walker,8/25/2014,API,,,,,,,,,,,,12/14/2020
207,Chad Castillo,M,LCS,2/1/1995,,,,,,,,,,,,,
208,Tracy Burns PhD,M,Don Paquette,3/6/2006,Sales,,,,,,,,,,,,
209,Samantha Foster,F,Don Paquette,3/5/2007,NDT,,,,,,,,,,,,
210,Tracy Henry,F,Jennifer Kephart,9/21/2015,API,,,,,,,,,,,,11/18/2020
211,Christopher Parker,M,Jennifer Kephart,8/26/2019,QManage,,,,,,,,,,,,
212,Douglas Pennington,M,Jennifer Kephart,5/14/2018,Express,,,,,,,,,,,,5/24/2023
213,Dwayne Martin,F,LCS,8/20/2012,Marketing,,,,,,,,,,,,
214,Sara Jimenez,F,Don Paquette,1/3/2017,Pro Services,,,,,,,,,,,,10/26/2022
215,Evan Richards,M,LCS,1/3/2017,Training,,,,,,,,,,,,
216,Timothy Harrison,M,Sabrina Clore,1/23/2017,Software Dev,,,,,,,,,,,,
217,Lisa Walker,M,Jennifer Kephart,9/16/2019,NDT,,,,,,,,,,,,
218,Erin Franklin,F,LCS,12/15/2008,WD Prod,,,,,,,,,,,,
219,Valerie Hart,F,LCS,1/5/2015,Bus Development,,,,,,,,,,,,10/22/2021
220,Julia Powell,F,LCS,3/2/2015,HR,,,,,,,,,,,,
221,Christopher Ryan,M,LCS,3/7/2011,Sales,,,,,,,,,,,,
222,Jesse Burnett,M,LCS,6/16/2008,Bus Analysis,,,,,,,,,,,,6/15/2022
223,Carol Mercado,F,Don Paquette,3/30/2020,Customer Success,,,,,,,,,,,,
224,Mark Williams,F,Jennifer Kephart,5/16/2016,Portal,,,,,,,,,,,,
225,Cindy Harrison,F,LCS,12/1/2014,Pro Services,,,,,,,,,,,,7/2/2021
226,Terry Snyder,M,Morgan Walker,1/7/2019,Express,,,,,,,,,,,,1/29/2021
227,Frank Lopez,M,Jennifer Kephart,2/19/2018,Express,,,,,,,,,,,,2/15/2022
228,Michael Cardenas,F,Don Paquette,7/16/2018,API,,,,,,,,,,,-30,12/3/2021
229,Jeremy Bruce,M,Don Paquette,8/26/2019,WD Innov,,,,,,,,,,,,
230,Sherri Wolfe,F,LCS,1/11/2016,Sales,,,,,,,,,,,,
231,Malik Wallace,M,LCS,11/15/2010,API,,,,,,,,,,,,
232,Ruth Leon,F,LCS,9/15/2014,Express,,,,,,,,,,,,
233,Aaron Gonzalez,F,LCS,12/17/2018,Portal,,,,,,,,,,,,7/9/2021
234,Amanda Miller,M,LCS,6/17/2019,WD Innov,,,,,,,,,,,-30,9/3/2021
235,Frank Perez,F,Sabrina Clore,5/5/2014,Customer Success,,,,,,,,,,,,
236,Leslie Combs,M,Sabrina Clore,2/25/2019,Mobile,,,,,,,,,,,,10/22/2021
237,Charles Bush,F,Don Paquette,7/20/2015,Pro Services,,,,,,,,,,,,
238,Felicia Hawkins,F,LCS,5/6/2014,Portal,,,,,,,,,,,,
239,Sean Jackson,F,Sabrina Clore,11/15/2010,Software Dev,,,,,,,,,,,,
240,Jessica Mcneil,F,LCS,9/24/2012,Pro Services,,,,,,,,,,,,
241,Pedro Odonnell,M,Morgan Walker,8/28/2017,Express,,,,,,,,,,,,10/17/2021
242,Michael Rodriguez,M,LCS,10/24/2001,LCS,,,,,,,,,,,,
243,Lindsey Thompson DVM,M,Don Paquette,1/21/2013,Mobile,,,,,,,,,,,,
244,Frank Rivas,M,LCS,4/24/2017,QManage,,,,,,,,,,,,6/10/2022
245,Valerie Perez,M,Don Paquette,3/16/2009,API Services,,,,,,,,,,,,
246,Jason Rodriguez,M,Jennifer Kephart,11/14/2016,Bus Analysis,,,,,,,,,,,,
247,Felicia Murphy,M,Jennifer Kephart,4/6/2020,Pro Services,,,,,,,,,,,,
248,Joyce Bridges,F,LCS,3/16/2017,RM12 Conversion,,,,,,,,,,,,
249,Luis Russell,M,Jennifer Kephart,9/29/2015,Sales,,,,,,,,,,,,4/28/2022
250,Mario Good,M,LCS,5/4/2009,Mobile,,,,,,,,,,,,7/22/2021
251,Nichole Warren,F,Sabrina Clore,1/6/2020,Pro Services,,,,,,,,,,,,
252,Danny Kelly,F,Sabrina Clore,5/3/2010,Software Dev,,,,,,,,,,,,
253,Anthony Pope,F,LCS,5/11/2015,NDT,,,,,,,,,,,,
254,Tim Simmons,M,Don Paquette,6/26/2017,Dev Tools Release,,,,,,,,,,,,8/26/2021
255,Stephen Long,F,Don Paquette,2/11/2015,Marketing,,,,,,,,,,,,
256,Melanie Nelson,M,LCS,5/28/2013,Sales,,,,,,,,,,,,
257,Michael Morgan,F,Don Paquette,1/2/2013,Sales,,,,,,,,,,,,
258,Patrick James,M,LCS,11/3/2003,Software Dev,,,,,,,,,,,,
259,Kimberly Ortega,F,Morgan Walker,5/31/2016,NDT,,,,,,,,,,,,3/11/2022
260,Kaitlyn Lucero,F,LCS,8/22/2016,Portal,,,,,,,,,,,-30,12/30/2021
261,Christopher Bennett,M,Morgan Walker,9/11/2017,WD Prod,,,,,,,,,,,,
262,Clayton Jones,M,Don Paquette,5/21/2018,Bus Development,,,,,,,,,,,,
263,Denise Morris,M,LCS,7/28/2014,LCS,,,,,,,,,,,,
264,Holly Barrett,F,LCS,4/1/2013,Marketing,,,,,,,,,,,,
265,Derrick Higgins,M,LCS,6/20/2011,Product Support,,,,,,,,,,,,
266,Jennifer Morrison,F,Don Paquette,1/11/2016,Software Dev,,,,,,,,,,,,
267,Thomas Moore,M,Carrie Legner,1/6/2014,QManage,,,,,,,,,,,,9/29/2021
268,Tom Perez,F,LCS,7/20/2015,Sales,,,,,,,,,,,-30,12/2/2021
269,Christopher Wilson,M,LCS,6/22/2015,Pro Services,,,,,,,,,,,,10/29/2021
270,William Beck,F,LCS,6/13/2011,WD Innov,,,,,,,,,,,,6/11/2021
271,Tammy Cruz,M,LCS,5/21/2018,API,,,,,,,,,,,,
272,Dean Nelson,F,LCS,9/25/2017,Pro Services,,,,,,,,,,,,
273,Stefanie Rogers,M,Sabrina Clore,6/26/2000,Accounting,,,,,,,,,,,,
274,Aaron Wright,M,Jennifer Kephart,5/28/2019,QManage,,,,,,,,,,,,1/20/2023
275,Samantha Nelson,M,Sabrina Clore,5/10/2010,Software Dev,,,,,,,,,,,,
276,Shannon Williams,M,Don Paquette,8/1/2016,API Services,,,,,,,,,,,,
277,Linda Newman,M,Internal Applications,5/9/2012,Internal Apps,,,,,,,,,,,,8/7/2020
278,Suzanne Glover,M,LCS,1/28/2013,Sales,,,,,,,,,,,,
279,Gregory Clark,M,Don Paquette,11/14/2016,Sales,,,,,,,,,,,,
280,Robert Wood,M,Don Paquette,9/18/2017,API,,,,,,,,,,,,
281,Christopher Patterson,M,Don Paquette,11/2/2015,IT Services,,,,,,,,,,,,4/28/2023
282,Lance Wright,F,Jennifer Kephart,2/22/2016,LCS,,,,,,,,,,,,
283,Brittany Robles,F,Don Paquette,9/1/2004,Bus Analysis,,,,,,,,,,,,
284,Tracey Hayes,M,Sabrina Clore,6/22/2012,LCS,,,,,,,,,,,,
285,Autumn Ellis,M,LCS,5/15/2017,Pro Services,,,,,,,,,,,,
286,Lance Joseph,F,Don Paquette,7/25/2016,HR,,,,,,,,,,,,
287,Kimberly Evans,F,LCS,6/27/2005,,,,,,,,,,,,,
288,Jasmine Chavez,M,Don Paquette,3/27/2017,WD Prod,,,,,,,,,,,,
289,Cheryl Jordan,M,Don Paquette,6/13/2016,Mobile,,,,,,,,,,,,
290,Jessica Grimes,F,Don Paquette,6/3/2019,Software Dev,,,,,,,,,,,,7/8/2022
291,Chad Black,M,Sabrina Clore,5/17/2010,Bus Analysis,,,,,,,,,,,,12/2/2022
292,Jackie Nelson MD,M,LCS,5/7/2012,WD Prod,,,,,,,,,,,,7/9/2021
293,John Lopez,F,Morgan Walker,9/23/2019,RM12,,,,,,,,,,,,
294,Rebecca Garrison,M,Morgan Walker,6/19/2017,WD Prod,,,,,,,,,,,,11/19/2020
295,Marie Griffith,M,LCS,7/25/2016,Training,,,,,,,,,,,,
296,Stephanie Cook,M,Jennifer Kephart,9/29/2015,Customer Success,,,,,,,,,,,,10/7/2022
297,Michaela Black,M,LCS,2/16/2009,NDT,,,,,,,,,,,,
298,Mario Wagner,F,Don Paquette,4/24/2017,WD Prod,,,,,,,,,,,,
299,Robert Ortiz,M,LCS,11/5/2018,LCS,,,,,,,,,,,,
300,Jenna Moore,F,LCS,2/29/2016,Sales,,,,,,,,,,,,2/1/2022
301,Arthur Scott,F,Morgan Walker,2/13/2017,Training,,,,,,,,,,,-30,12/10/2021
302,Elizabeth Contreras,M,LCS,8/21/2017,Mobile,,,,,,,,,,,,
303,Stephen Jones,M,Nick Geisen,1/13/2020,Express,,,,,,,,,,,-30,12/9/2021
304,Justin Cruz,F,Sabrina Clore,4/21/2014,LCS,,,,,,,,,,,,
305,Robin Stewart,M,Sabrina Clore,3/9/2020,NDT,,,,,,,,,,,,
306,Donna Valentine,F,Jennifer Kephart,3/9/2020,Training,,,,,,,,,,,,
307,Christopher Harrison,M,LCS,5/7/2018,Dev Tools Release,,,,,,,,,,,,6/2/2021
308,Donald Gonzalez,M,LCS,5/8/2017,WD Innov,,,,,,,,,,,,5/6/2022
309,Madison Ramirez,M,Don Paquette,1/20/2020,Express,,,,,,,,,,,,8/28/2020
310,David Thomas,F,LCS,1/26/2009,Bus Analysis,,,,,,,,,,,,
311,Colleen Mccormick,F,Nick Geisen,9/30/2019,QManage,,,,,,,,,,,,12/30/2021
312,Scott Smith,M,LCS,7/10/2000,Customer Success,,,,,,,,,,,,
313,Gary Green,F,Morgan Walker,3/9/2020,Sales,,,,,,,,,,,,8/12/2020
314,Cindy Anderson,M,Sabrina Clore,7/7/2014,IT Services,,,,,,,,,,,,
315,Danielle Fowler,M,LCS,3/26/2018,Pro Services,,,,,,,,,,,,1/6/2021
316,Sarah Cook,M,Don Paquette,5/21/2018,Accounting,,,,,,,,,,,,
317,Laura Sharp PhD,M,LCS,8/6/2007,API Services,,,,,,,,,,,,
318,Kimberly Swanson,M,Don Paquette,1/7/2013,Dev Tools Release,,,,,,,,,,,,4/25/2023
319,Christine Smith,M,LCS,6/6/2005,Software Dev,,,,,,,,,,,,
320,Jordan Mosley,F,Morgan Walker,4/27/2020,Express,,,,,,,,,,,,10/1/2021
321,Gwendolyn Juarez,M,LCS,4/6/2020,Portal,,,,,,,,,,,,8/5/2021
322,Danielle Rodriguez,M,Jennifer Kephart,5/4/2020,API,,,,,,,,,,,,
323,Mindy Walker,F,Jennifer Kephart,5/4/2020,Express,,,,,,,,,,,,
324,Harold Contreras,M,Don Paquette,5/4/2020,Express,,,,,,,,,,,,4/30/2021
325,Eileen Smith,F,Nick Geisen,5/11/2020,Express,,,,,,,,,,,,5/13/2022
326,Mr. Daniel Perez Jr.,F,Don Paquette,3/9/2020,Product Support,,,,,,,,,,,,7/30/2021
327,Stephen Campbell,M,Jennifer Kephart,8/5/2019,Mobile,,,,,,,,,,,,4/23/2021
328,Lance Velasquez,M,Morgan Walker,5/11/2020,Express,,,,,,,,,,,,6/29/2021
329,Alison Wilcox,M,Jennifer Kephart,5/11/2020,Mobile,,,,,,,,,,,,5/1/2022
330,Dr. Renee Lopez DVM,M,Jennifer Kephart,5/18/2020,Express,,,,,,,,,,,,8/20/2020
331,Christina Hernandez,M,Don Paquette,5/18/2020,Express,,,,,,,,,,,,
332,Sharon Anderson,M,Morgan Walker,5/18/2020,API,,,,,,,,,,,,7/31/2020
333,Raymond Miller,M,Morgan Walker,5/18/2020,Express,,,,,,,,,,,,
334,Mariah Chung,F,Jennifer Kephart,5/18/2020,Marketing,,,,,,,,,,,,8/14/2020
335,Steven Ramsey,M,Jennifer Kephart,5/26/2020,Express,,,,,,,,,,,,11/11/2022
336,Linda Vasquez,M,Jennifer Kephart,5/26/2020,API,,,,,,,,,,,,8/11/2020
337,Zachary Martin,M,Jennifer Kephart,5/25/2020,Pro Services,,,,,,,,,,,,
338,Shannon Lam,M,Morgan Walker,5/26/2020,Express,,,,,,,,,,,,7/7/2023
339,Anne Pennington,F,Jennifer Kephart,5/26/2020,Training,,,,,,,,,,,,
340,Melissa Smith,M,Jennifer Kephart,5/18/2020,QManage,,,,,,,,,,,,2/8/2022
341,Mitchell Evans,F,Jennifer Kephart,5/26/2020,API,,,,,,,,,,,,8/21/2020
342,Jonathan Jackson,M,Jennifer Kephart,5/26/2020,API,,,,,,,,,,,,12/10/2021
343,Manuel Everett,F,Morgan Walker,5/26/2020,Express,,,,,,,,,,,,8/7/2020
344,Lisa Rivera,M,IT Services,5/26/2020,IT Services,,,,,,,,,,,,8/21/2020
345,Ryan Smith,M,Jennifer Kephart,6/1/2020,Express,,,,,,,,,,,,7/26/2021
346,Cody Robinson,F,Morgan Walker,6/1/2020,Express,,,,,,,,,,,,8/27/2021
347,Jonathan Alexander,F,Don Paquette,6/1/2020,Express,,,,,,,,,,,,11/23/2022
348,Jessica Martin MD,M,Morgan Walker,5/18/2020,Product Support,,,,,,,,,,,,6/25/2021
349,Christopher Martin,M,Don Paquette,5/18/2020,Customer Success,,,,,,,,,,,,2/18/2022
350,Destiny Edwards,M,Jennifer Kephart,5/18/2020,Express,,,,,,,,,,,,
351,Pamela Garcia,M,Carrie Legner,5/18/2020,WD Innov,,,,,,,,,,,,10/15/2021
352,Donna Bates,M,Jennifer Kephart,6/15/2020,Bus Analysis,,,,,,,,,,,,
353,Sarah Evans,F,Sabrina Clore,6/15/2020,Bus Analysis,,,,,,,,,,,,
354,Michael Conrad,M,LCS,6/15/2020,Express,,,,,,,,,,,,7/23/2021
355,Tiffany David,M,Don Paquette,6/15/2020,Express,,,,,,,,,,,,
356,Anthony Hanson,M,Morgan Walker,6/15/2020,Express,85,100,85,90,83,86,121,88,85,75,-10,
357,Rebecca Gross,F,Jennifer Kephart,6/15/2020,Software Dev,,,,,,,,,,,,
358,Timothy Conner,F,Jennifer Kephart,6/15/2020,Customer Success,,,,,,,,,,,,
359,Robert Taylor,F,Morgan Walker,6/15/2020,NDT,,,,,,,,,,,,
360,Jenna Freeman,F,Jennifer Kephart,6/15/2020,Marketing,,,,,,,,,,,,7/28/2023
361,William Wheeler,F,Jennifer Kephart,6/15/2020,Portal,,,,,,,,,,,,
362,Barry Miller,F,Don Paquette,6/15/2020,HR,,,,,,,,,,,,
363,Miss Amanda Cox,F,Morgan Walker,6/15/2020,Product Support,,,,,,,,,,,,9/25/2020
364,Karen Ray,M,LCS,6/15/2020,,,,,,,,,,,,,5/7/2021
365,Deanna Smith,F,Morgan Walker,6/15/2020,Product Support,,,,,,,,,,,,10/22/2020
366,Brenda Hughes,F,Sabrina Clore,6/15/2020,Software Dev,,,,,,,,,,,,
367,Sherry Lopez,M,Don Paquette,6/15/2020,Product Support,,,,,,,,,,,,10/2/2020
368,Donald Brown,M,Morgan Walker,6/22/2020,NDT,,,,,,,,,,,,
369,Destiny Richards,M,Jennifer Kephart,6/29/2020,Training,,,,,,,,,,,,
370,Heather Wong,M,Jennifer Kephart,5/6/2019,Express,,,,,,,,,,,,9/16/2022
371,Yvonne Ortiz,M,Jennifer Kephart,5/11/2020,Express,,,,,,,,,,,,
372,Donald Roberts,M,Jennifer Kephart,5/26/2020,Systems,,,,,,,,,,,,
373,Calvin Smith,F,Sabrina Clore,5/11/2020,Sales,,,,,,,,,,,,
374,Matthew Nelson,M,Don Paquette,5/4/2020,API,,,,,,,,,,,,8/14/2020
375,Melissa Knight,M,LCS,5/26/2020,WD Innov,,,,,,,,,,,,8/14/2020
376,Jacqueline Boone,M,Morgan Walker,5/4/2020,Express,,,,,,,,,,,,
377,Hector Ramsey,F,Don Paquette,3/21/2016,Training,,,,,,,,,,,,
378,Jorge Bennett,M,Jennifer Kephart,5/11/2020,Express,,,,,,,,,,,,
379,Hunter Weeks,F,LCS,12/4/2017,API Services,,,,,,,,,,,-30,12/17/2021
380,Daniel Weiss,M,Nick Geisen,5/11/2020,Express,,,,,,,,,,,,12/10/2021
381,Jonathan Smith,M,Morgan Walker,5/4/2020,WD Prod,,,,,,,,,,,,
382,Susan Davis,F,Carrie Legner,7/6/2020,Dev Tools Release,,,,,,,,,,,,5/20/2022
383,Victoria Jones,M,Jennifer Kephart,7/13/2020,Bus Development,,,,,,,,,,,,
384,Sue Lozano,M,Carrie Legner,7/6/2020,Express,,,,,,,,,,,-30,12/17/2021
385,Nicole Barry,F,Don Paquette,7/6/2020,Product Support,,,,,,,,,,,,10/7/2020
386,Franklin White,M,Jennifer Kephart,7/20/2020,Express,,,,,,,,,,,,
387,Veronica Marsh,M,Morgan Walker,7/20/2020,Product Support,,,,,,,,,,,,5/18/2021
388,Mary Kidd,F,Morgan Walker,7/20/2020,Pro Services,,,,,,,,,,,,8/6/2021
389,Bryan Schmidt,F,Don Paquette,7/27/2020,Customer Success,,,,,,,,,,,,
390,Benjamin Robinson,F,Don Paquette,7/27/2020,Accounting,,,,,,,,,,,,
391,Ethan Harrison,M,Don Paquette,8/10/2020,Portal,,,,,,,,,,,,8/20/2021
392,Sierra Harper,F,Jennifer Kephart,8/10/2020,Product Support,,,,,,,,,,,,9/2/2022
393,Hannah Smith,F,Jennifer Kephart,8/17/2020,Express,,,,,,,,,,,,9/6/2022
394,Pamela Gonzalez,M,Sabrina Clore,8/17/2020,Portal,,,,,,,,,,,-30,12/2/2021
395,Elizabeth Lopez,M,Don Paquette,8/17/2020,API,,,,,,,,,,,,12/15/2021
396,Andrew Mejia,M,Morgan Walker,8/17/2020,API,,,,,,,,,,,,
397,Cynthia Bush,M,Jennifer Kephart,8/24/2020,API,,,,,,,,,,,,8/6/2021
398,Joseph Daugherty,M,Morgan Walker,8/24/2020,Express,,,,,,,,,,,,8/6/2021
399,Brandon Richardson,M,Jennifer Kephart,8/24/2020,Express,,,,,,,,,,,,8/5/2022
400,John Jones,M,Nick Geisen,8/24/2020,Express,,,,,,,,,,,,12/4/2020
401,Anthony Miller,M,Don Paquette,8/24/2020,Express,,,,,,,,,,,,8/25/2023
402,Michael White,F,Morgan Walker,8/24/2020,Sales,,,,,,,,,,,,
403,Amber White,F,Don Paquette,8/24/2020,Express,,,,,,,,,,,,1/26/2023
404,Stacy Montgomery,F,Carrie Legner,8/24/2020,Dev Tools Release,,,,,,,,,,,,10/1/2021
405,Nicole Rogers,M,Sabrina Clore,9/8/2020,Software Dev,,,,,,,,,,,,
406,Brandi Gross,F,Morgan Walker,9/8/2020,LEAD program,,78,,,,,,,,,,
407,Andrew Pearson,M,Morgan Walker,9/21/2020,Systems,,,,,,,,,,,,1/7/2022
408,Elizabeth Nguyen,F,Jennifer Kephart,9/28/2020,Product Support,,,,,,,,,,,,10/12/2020
409,Jonathan Thompson,F,Morgan Walker,9/28/2020,Product Support,,,,,,,,,,,,11/17/2020
410,Vicki Jones,M,Don Paquette,9/28/2020,Express,,88,,,,,,,,,,
411,Rebecca Thompson,F,Don Paquette,4/17/2017,Portal,,,,,,,,,,,,9/9/2022
412,John Williams,M,Don Paquette,10/5/2020,Systems,,,,,,,,,,,,2/4/2022
413,Frank Kim,M,Morgan Walker,10/5/2020,WD Innov,,83,,,,,,,,,,
414,Rebecca Brown MD,M,Don Paquette,10/5/2020,Implementation,,,,,,,,,,,,
415,Karen Walker,M,Nick Geisen,10/5/2020,Bus Analysis,,,,,,,,,,,,4/6/2022
416,Ryan Jenkins,M,LCS,10/12/2020,Bus Analysis,,,,,,,,,,,,7/14/2021
417,Michelle Branch DVM,F,Jennifer Kephart,11/2/2020,API,,,,,,,,,,,,
418,John Brewer,M,Morgan Walker,11/2/2020,IT Services,,,,,,,,,,,,
419,Christopher Silva,M,Jennifer Kephart,11/9/2020,Product Support,,,,,,,,,,,,6/8/2021
420,Elijah Ramirez,F,Morgan Walker,11/9/2020,Product Support,,,,,,,,,,,,4/5/2021
421,Amy Combs,F,Morgan Walker,11/16/2020,Product Support,,,,,,,,,,,,5/21/2021
422,David Miller,M,Morgan Walker,11/16/2020,Express,,,,,,,,,,,,
423,Matthew Wheeler,M,Morgan Walker,11/16/2020,Systems,,,,,,,,,,,,6/17/2022
424,Theresa Barr,M,Jennifer Kephart,11/30/2020,Customer Success,,,,,,,,,,,,
425,Barbara Cordova,M,Morgan Walker,11/30/2020,API,,76,,,,,,,,,,
426,Debra Hopkins,M,Morgan Walker,11/30/2020,API Services,,,,,,,,,,,,
427,Amanda Barrett,M,Morgan Walker,11/30/2020,Product Support,,,,,,,,,,,,8/17/2021
428,Donna Daniel,M,Don Paquette,11/30/2020,Customer Success,,,,,,,,,,,,
429,Jill Mayo,M,Jennifer Kephart,11/30/2020,Product Support,,,,,,,,,,,,11/1/2022
430,Tina Owens,F,Jennifer Kephart,11/30/2020,Product Support,,,,,,,,,,,,1/22/2021
431,Christine Myers,M,Morgan Walker,11/30/2020,Pro Services,,,,,,,,,,,,
432,Raymond Randolph,F,Don Paquette,11/30/2020,Product Support,,,,,,,,,,,-30,11/30/2021
433,Sylvia James,M,Nick Geisen,12/14/2020,WD Innov,,,,,,,,,,,,1/7/2022
434,Matthew Glover,M,Jennifer Kephart,12/14/2020,Product Support,,,,,,,,,,,-30,12/10/2021
435,Joe Hamilton,M,Morgan Walker,12/14/2020,Express,,,,,,,,,,,,9/30/2022
436,Steven Matthews,M,Morgan Walker,12/21/2020,API,,,,,,,,,,,,10/28/2022
437,Kayla Miller,F,Jennifer Kephart,12/21/2020,WD Innov,,,,,,,,,,,,8/8/2023
438,John Perkins,M,Jennifer Kephart,12/21/2020,Express,,,,,,,,,,,,11/4/2022
439,Matthew Hutchinson,M,Morgan Walker,12/21/2020,Training,,,,,,,,,,,,
440,Amber Gonzalez,M,Morgan Walker,1/4/2021,Portal,,,,,,,,,,,,
441,Stephanie Shepherd,M,Jennifer Kephart,1/4/2021,Dev Tools Release,,99,,,,,,,,,,
442,Riley Ray,M,Morgan Walker,1/4/2021,WD Prod,,82,,,,,,,,,,
443,Leslie White,M,Morgan Walker,1/4/2021,Express,,,,,,,,,,,,12/15/2021
444,Jeffrey Moore,M,Don Paquette,1/4/2021,Express,,,,,,,,,,,,8/13/2021
445,Mark Franklin,M,Don Paquette,1/11/2021,Product Support,,,,,,,,,,,,4/1/2022
446,Alexandra Walker,M,Don Paquette,1/11/2021,Express,,,,,,,,,,,,4/30/2021
447,Donald Soto,M,Morgan Walker,1/18/2021,API,,,,,,,,,,,,5/7/2021
448,Teresa Lee,M,Don Paquette,2/8/2021,Pro Services,,99,,,,,,,,,,
449,Kenneth Jones,F,Jennifer Kephart,2/8/2021,Bus Analysis,,93,,,,,,,,,,
450,Aaron Oliver,F,Don Paquette,2/8/2021,API,,100,,,,,,,,,-30,11/24/2021
451,Jill Riley,M,Don Paquette,2/8/2021,Express,,96,,,,,,,,,,6/3/2022
452,Jesse Thomas,M,Don Paquette,2/15/2021,Product Support,,,,,,,,,,,-30,2/11/2022
453,Craig Gordon,M,Jennifer Kephart,2/22/2021,Systems,,,,,,,,,,,,
454,Andrea Alvarez,F,Morgan Walker,3/1/2021,Training,,95,,,,,,,,,,
455,Robin Carroll,M,Don Paquette,3/15/2021,Express,,,,,,,,,,,,
456,George Todd,M,Don Paquette,3/22/2021,Channel Partner,,,,,,,,,,,,
457,Bradley Keller,F,Don Paquette,4/5/2021,Portal,,,,,,,,,,,,
458,Gregory Williams,F,Morgan Walker,4/12/2021,Product Support,75,93,,86,,,,,,,,
459,Angela Miller,M,Don Paquette,4/12/2021,Product Support,,,,,,,,,,,,11/19/2021
460,Lori Cobb,F,Jennifer Kephart,4/12/2021,Customer Success,,,,,,,,,,,,4/29/2022
461,James Cook,M,Nick Geisen,4/19/2021,Systems,,,,,,,,,,,,3/7/2022
462,Casey Fleming,F,Morgan Walker,4/26/2021,Express,,,,,,,,,,,,
463,Bethany Lindsey,F,Don Paquette,4/26/2021,Product Support,,,,,,,,,,,-30,2/17/2022
464,Jennifer Campos,M,Morgan Walker,4/26/2021,API,,,,,,,,,,,,
465,Mary Parrish,M,Carrie Legner,5/3/2021,Portal,,,,,,,,,,,,7/29/2021
466,Mr. Pedro Medina,M,Morgan Walker,5/3/2021,Product Support,,,,,,,,,,,,4/7/2022
467,Adam Montgomery,M,Jennifer Kephart,5/3/2021,Training,80,94,,84,,,,,,,,
468,Michael Delgado,F,Jennifer Kephart,5/10/2021,Marketing,,,,,,,,,,,,8/17/2021
469,Alexander Charles,M,Jennifer Kephart,5/10/2021,API,80,93,,84,,,,,,,,1/13/2023
470,Jordan Mason,M,Don Paquette,5/10/2021,Express,,,,,,,,,,,,7/30/2021
471,Daniel Moore,M,Morgan Walker,5/10/2021,Express,,,,,,,,,,,,8/13/2021
472,Daniel Hill,M,Jennifer Kephart,5/17/2021,Mobile,,,,,,,,,,,,
473,Ms. Elizabeth Johnson,M,Morgan Walker,5/17/2021,Dev Tools Release,95,99,,92,,,,,,,,
474,Cheryl Vincent,M,Morgan Walker,5/17/2021,Express,100,100,,98,,,,,,,,
475,Carlos Ortega,F,LCS,5/17/2021,Express,,,,,,,,,,,,8/13/2021
476,Alan Scott,M,Morgan Walker,5/17/2021,Express,,,,,,,,,,,,8/3/2021
477,Matthew Campbell,M,Jennifer Kephart,5/17/2021,Express,,,,,,,,,,,,8/6/2021
478,Vincent Miranda,M,Morgan Walker,5/17/2021,API,,,,,,,,,,,,8/6/2021
479,Susan Douglas,F,Don Paquette,5/24/2021,Product Support,,,,,,,,,,,,5/26/2022
480,Julian Campbell,M,Don Paquette,5/24/2021,Express,,,,,,,,,,,,
481,Dr. Mike Quinn,F,LCS,5/24/2021,Dev Tools Release,,,,,,,,,,,,6/29/2021
482,Hannah Sandoval,F,Jennifer Kephart,5/24/2021,WD Prod,,,,,,,,,,,,
483,Bryan Stein,M,LCS,5/24/2021,WD Innov,,,,,,,,,,,,3/4/2022
484,Kristen Blankenship,F,Don Paquette,6/1/2021,Marketing,,,,,,,,,,,,
485,Leslie Patterson,M,Jennifer Kephart,6/1/2021,Mobile,,,,,,,,,,,,8/27/2021
486,Kendra Wells,M,Sabrina Clore,6/7/2021,Product Support,,,,,,,,,,,,
487,Cynthia Brandt,M,Don Paquette,6/14/2021,Portal,,,,,,,,,,,,6/15/2022
488,Rebecca Berry,M,Carrie Legner,6/28/2021,Pro Services,,,,,,,,,,,,5/6/2022
489,John Mitchell,M,Jennifer Kephart,7/6/2021,Product Support,80,100,,80,,,,,,,,
490,Anita Lopez,M,Jennifer Kephart,7/12/2021,LEAD program,80,90,,84,,,,,,,,
491,Patty Robertson,M,Morgan Walker,7/19/2021,Product Support,,,,,,,,,,,,8/31/2022
492,Patricia Mcguire,M,Morgan Walker,7/26/2021,Systems,80,,,84,,,,,,,,
493,Harry Stephens,M,Jennifer Kephart,8/2/2021,Product Support,,,,,,,,,,,,2/4/2022
494,Anthony Flynn,M,Jennifer Kephart,8/2/2021,Express,,,,,,,,,,,,12/23/2021
495,Eric Clements,M,Morgan Walker,8/16/2021,Express,,,,,,,,,,,,
496,Bruce Farmer,M,Jennifer Kephart,8/16/2021,QManage,,,,,,,,,,,,8/11/2022
497,Katherine Tate,M,Sabrina Clore,8/16/2021,Express,80,,,84,,,,,,,,12/17/2021
498,Amy Porter,F,Jennifer Kephart,8/16/2021,Dev/QA-Release,85,96,93,88,76,,82,,,,,
499,Kimberly Kline,M,Don Paquette,8/16/2021,NDT,80,94,75,90,82,88,,,,90,,
500,Brian Barnes,M,Jennifer Kephart,8/16/2021,Pro Services,85,94,93,88,,80,,,88,,,1/6/2023
501,Lisa Lee,F,Morgan Walker,8/23/2021,Mobile,80,84,,84,,,,,,,,12/17/2021
502,Lisa Rivera,M,Jennifer Kephart,8/23/2021,API,80,92,,84,,,,,,,,
503,Jacqueline Koch,F,Don Paquette,8/23/2021,Pro Services,80,90,102,84,94,84,100,,88,,,
504,William Ortiz,M,Don Paquette,8/30/2021,Portal,80,86,,,,,,,,,,10/28/2021
505,Lauren Johnson,M,Jennifer Kephart,9/13/2021,Systems,80,,,,,,,,,,,
506,Tiffany Miller,F,Morgan Walker,9/13/2021,Pro Services,70,93,84,80,94,36,88,,82,,,
507,David Johnson,M,Carrie Legner,9/20/2021,Product Support,80,64,67,74,,68,,,,,-30,3/11/2022
508,Kyle Wells,F,Carrie Legner,9/27/2021,HR,,,84,84,,,,,,,,
509,Ryan Wilson,F,Jennifer Kephart,9/27/2021,Customer Success,80,96,93,84,,,,,,,,
510,Brianna Ingram,F,Morgan Walker,10/18/2021,Express,80,94,102,82,100,78,,,70,84,,
511,Daniel Allison,F,Morgan Walker,10/25/2021,Product Support,80,88,,90,,72,100,,,,-30,7/22/2022
512,Tiffany Simmons,M,Jennifer Kephart,11/1/2021,RM12,85,100,102,90,100,94,,,94,,,
513,Willie Perry,F,Morgan Walker,11/1/2021,Product Support,1,,,,,,,,,,-30,11/22/2021
514,Michael Clark,M,Jennifer Kephart,11/1/2021,Product Support,85,84,,84,,70,,,,,,2/22/2023
515,Joshua Murray,F,Nick Geisen,11/8/2021,Product Support,80,95,67,86,57,74,,,,,-30,2/28/2022
516,Andrew Patel,F,Jennifer Kephart,11/15/2021,LEAD program,80,99,102,88,94,84,,,,90,,
517,Andrea Adams,M,Morgan Walker,11/15/2021,Mobile,70,88,,84,,74,,,,,,
518,Thomas Weber,M,Jennifer Kephart,11/29/2021,Product Support,80,,,,,,,,,,-30,12/9/2021
519,Brittany Smith DVM,F,Don Paquette,11/29/2021,Sales,80,95,84,84,,78,,,,78,,
520,Krista Bradley,F,Morgan Walker,11/29/2021,Pro Services,80,87,93,84,,72,100,,88,72,,
521,Holly Gregory,F,Jennifer Kephart,12/6/2021,Product Support,,,,,,,,,,,-30,12/6/2021
522,Renee Collins,F,Jennifer Kephart,12/20/2021,LEAD program,50,92,84,66,,63,88,,,,,
523,Melissa Williamson,F,Don Paquette,12/20/2021,Product Support,70,96,,86,,62,100,,,,,3/7/2023
524,Makayla Page,M,Jennifer Kephart,12/20/2021,NDT,70,98,102,82,88,84,,,,88,,
525,Cody Anderson,M,Morgan Walker,1/4/2022,QManage,80,,,84,,,,,,,,
526,Mrs. Melissa Thomas,M,Nick Geisen,1/4/2022,QManage,80,,,,,,,,,,,5/6/2022
527,Timothy Koch,M,Nick Geisen,1/4/2022,Express,,,,,,,,,,,,4/28/2022
528,Sarah Fisher,M,Morgan Walker,1/4/2022,Product Support,70,70,93,70,63,72,88,,,,,8/25/2023
529,Connie Larson,M,Morgan Walker,1/10/2022,Express,80,94,,84,,,,,,,,
530,David Trujillo,M,Don Paquette,1/17/2022,Express,80,92,42,94,76,92,,,,,,
531,Joshua Garcia,M,Sabrina Clore,1/17/2022,Product Support,1,,,,,,,,,,-30,1/19/2022
532,Willie Rose,F,Jennifer Kephart,1/31/2022,Product Support,80,98,84,84,,,,,,,,6/3/2022
533,Dwayne Munoz,F,Jennifer Kephart,2/7/2022,Training,80,88,93,84,,,,,88,76,,
534,Phyllis Osborne,F,Morgan Walker,2/14/2022,Product Support,80,94,93,84,76,70,88,,,70,,
535,Amanda Daniels,M,Morgan Walker,2/14/2022,Express,80,87,93,84,,86,,,76,,,
536,Nicholas Martinez,M,Morgan Walker,2/21/2022,Marketing,80,,102,84,100,,,,,100,,
537,Michael Bishop,M,Morgan Walker,2/21/2022,Portal,80,,,84,,,100,,88,,,
538,Patricia Richmond,M,Carrie Legner,3/7/2022,Sales,80,,,,,,,,,,,4/6/2022
539,Jennifer Martin,M,Jennifer Kephart,3/7/2022,Product Support,,,,,,,,,,,-30,3/8/2022
540,Ashley Williams,M,Jennifer Kephart,3/7/2022,Product Support,80,84,,84,63,,82,,44,,,
541,Kimberly Norris,F,Morgan Walker,3/21/2022,Bus Development,80,94,,88,,,,,,,,
542,Madison Moran,M,Jennifer Kephart,3/28/2022,Product Support,80,93,,100,,74,100,,,,,
543,Mr. Martin Mason,F,Morgan Walker,4/4/2022,Product Support,80,33,59,78,,,,,,,-30,6/7/2022
544,John Rodriguez,F,Morgan Walker,4/4/2022,Product Support,80,85,85,78,76,78,,,,,,8/5/2022
545,Karen Lopez,M,Jennifer Kephart,4/11/2022,Product Support,70,92,,75,88,90,,,,,,
546,Sarah Owens,M,Morgan Walker,4/18/2022,Systems,,,,,,,,,,,,4/18/2022
547,Gregory Wilson,F,Morgan Walker,4/25/2022,Product Support,60,,,,,,,,,,,6/2/2022
548,James Norris,F,Morgan Walker,4/25/2022,Express,85,96,93,82,82,80,82,,57,84,,
549,Brandy Jackson,F,Morgan Walker,4/25/2022,LCS,85,93,102,90,88,90,82,,82,78,,
550,Stephanie White,M,Morgan Walker,4/25/2022,Express,85,90,84,88,,,100,,82,90,,
551,Brenda Mosley,M,Morgan Walker,4/25/2022,Product Support,80,72,,80,82,,,,,,,
552,Bonnie Jones,M,Jennifer Kephart,5/2/2022,Pro Services,60,88,84,78,,72,76,,,,,
553,Rita Stafford,M,Jennifer Kephart,5/2/2022,Customer Success,80,,93,80,,88,100,,50,,,
554,Jon Turner,M,Jennifer Kephart,5/2/2022,Express,80,,75,84,,88,88,,,88,,
555,Michael Sanchez,F,Jennifer Kephart,5/2/2022,API,80,,,86,,,,,,,,8/5/2022
556,Michael Blair,M,Jennifer Kephart,5/2/2022,Express,100,94,,88,,,,,,,,
557,Tiffany Johnson DDS,M,Jennifer Kephart,5/2/2022,API,100,94,,92,,,,,,,,5/26/2023
558,Mark Powell,M,Jennifer Kephart,5/2/2022,Express,85,93,,84,84,,,,,,,
559,Joshua Martinez,M,Morgan Walker,5/9/2022,NDT,85,92,,84,,,,,,,,8/12/2022
560,Stacy Lopez,M,Morgan Walker,5/9/2022,API Services,80,81,,80,,,82,,,,,
561,Matthew Herrera,M,Morgan Walker,5/16/2022,API Services,80,98,,82,,,,,,,,8/12/2022
562,Eric Foster,M,Morgan Walker,5/16/2022,Systems,80,,102,84,76,,88,,58,,,10/17/2023
563,Casey Riley,M,Don Paquette,5/16/2022,Sales,80,89,,84,,,,,,,,7/29/2022
564,Susan Love,F,Morgan Walker,5/16/2022,Product Support,90,92,93,92,,90,100,,,86,,
565,Kevin Beard,M,Jennifer Kephart,5/16/2022,Marketing,85,90,,84,,,,,,,,8/12/2022
566,Jonathan Payne,F,Morgan Walker,5/16/2022,API,80,88,,75,,,,,,,,8/19/2022
567,Cynthia Zavala,M,Morgan Walker,5/16/2022,NDT,90,100,,90,,,,,,,,
568,Dawn Morris MD,M,Morgan Walker,5/16/2022,WD Innov,60,77,,74,,,,,,,,8/19/2022
569,Taylor Lewis,M,Morgan Walker,5/16/2022,Marketing,80,87,93,84,100,94,100,,,,,
570,Heather Larsen,M,Jennifer Kephart,5/23/2022,Sales,60,80,,76,,,,,,,,8/12/2022
571,Mrs. Michelle Ramsey,M,Jennifer Kephart,5/23/2022,Product Support,80,89,,84,,,,,,,,
572,Jonathan Hart Jr.,F,Jennifer Kephart,5/23/2022,Implementation,90,93,84,94,82,80,82,,70,76,,
573,Angela Wilson,M,Jennifer Kephart,5/23/2022,Portal,80,92,93,90,82,,75,,,72,,
574,Kelly Thomas,M,Jennifer Kephart,5/23/2022,WD Innov,85,99,102,94,,,100,,100,84,,
575,Bruce Nelson,M,Jennifer Kephart,5/23/2022,API Services,90,100,,92,,,,,,,,
576,Dustin Malone,M,Morgan Walker,5/31/2022,API Services,80,99,84,82,70,,70,,,,,
577,Javier Rivera,F,Jennifer Kephart,5/23/2022,Express,100,85,67,98,76,,76,,64,82,,
578,Emily Hughes,M,Morgan Walker,5/23/2022,Express,80,99,,84,,,,,,,,8/11/2022
579,Chelsea Miller,M,Morgan Walker,5/31/2022,Dev Tools Release,100,100,,96,,,,,,,,8/11/2022
580,Cody Brown,F,Morgan Walker,5/31/2022,Training,80,91,102,78,88,,,,,72,,
581,Timothy Hawkins,F,Morgan Walker,5/31/2022,Product Support,80,,,,,,,,,,-30,7/12/2022
582,Jordan Cortez,F,Morgan Walker,5/31/2022,Product Support,60,,,,,,,,,,,6/21/2022
583,Lori Newman,M,Don Paquette,5/31/2022,Sales,,,,,,,,,,,,12/2/2022
584,Cheryl Brewer,M,Jennifer Kephart,5/31/2022,API,90,96,,88,,,,,,,,8/11/2022
585,Timothy Andersen,F,Don Paquette,6/6/2022,Customer Success,85,,93,100,94,98,,,94,86,,
586,Christopher Stark,M,Don Paquette,6/6/2022,Product Support,80,85,33,100,50,,,,,,,1/16/2023
587,Mr. Eric Levy,F,Don Paquette,6/6/2022,Bus Analysis,,,,,88,,82,,76,,,
588,Kathy Alexander DDS,M,Don Paquette,6/6/2022,WD Prod,80,,102,98,88,84,94,,94,78,,
589,Jeffrey Ford,M,Don Paquette,6/6/2022,QManage,,,,,,,,,,,,12/9/2022
590,Gail Moore,F,Morgan Walker,7/5/2022,Product Support,50,,,,,,,,,,-30,7/21/2022
591,Kiara Craig,F,Jennifer Kephart,6/13/2022,Implementation,60,87,93,84,,74,,,,82,,
592,Ronald Roberts,M,Don Paquette,6/13/2022,Systems,80,,,84,,,,,,,-30,11/18/2022
593,John Anderson,F,Jennifer Kephart,6/13/2022,Implementation,100,99,102,102,88,90,100,,82,100,,
594,Daniel Murphy,F,Jennifer Kephart,6/13/2022,Sales,65,96,,72,100,84,,,70,72,,9/1/2023
595,Jason Watkins,F,Jennifer Kephart,6/13/2022,Bus Analysis,80,91,84,84,,,82,,82,78,,
596,Karen Wilcox,M,Jennifer Kephart,6/13/2022,Product Support,,,,,,,,,,,,6/15/2022
597,Kevin Barry,M,Morgan Walker,6/20/2022,LEAD program,95,99,,98,94,84,,88,,,,
598,Mrs. Andrea Hughes DDS,M,Morgan Walker,6/20/2022,Systems,80,,75,84,88,,,,,,,
599,Victoria Dickson,M,Don Paquette,6/27/2022,Marketing,80,,102,,100,82,,,,,,
600,Carrie Mccullough,F,Don Paquette,6/27/2022,Marketing,80,,102,100,100,94,100,,,,,
601,Brandy Rogers,F,Don Paquette,6/27/2022,Product Support,100,100,,,,,,,,,,
602,Steven Zuniga,F,Morgan Walker,7/11/2022,Accounting,95,,102,84,94,84,,,,,,
603,Emily Clark,M,Morgan Walker,7/11/2022,Pro Services,80,54,84,82,,76,,,,,,1/27/2023
604,Sherry Martinez,M,Don Paquette,7/18/2022,Product Support,100,90,76,100,,96,,,,,,
605,Jessica Johnson,M,Jennifer Kephart,7/25/2022,Marketing,80,,,,,72,100,,,,,
606,Brett Arellano,M,Morgan Walker,8/1/2022,WD Innov,95,95,102,96,82,72,,,94,,,
607,Kimberly Walker,M,Morgan Walker,8/1/2022,Product Support,90,83,84,96,88,94,,,,,,
608,Karen Spence MD,M,Morgan Walker,8/1/2022,Product Support,60,98,,86,,76,,,,,-30,1/18/2023
609,Daniel Fisher,M,Don Paquette,8/8/2022,IT Services,,,67,,,,,,,,-30,10/3/2022
610,Elizabeth Mercado,M,Don Paquette,8/8/2022,Product Support,,,,,,,,,,,,8/9/2022
611,Christopher Campbell,M,Don Paquette,8/8/2022,Product Support,,,67,,,,,,,,-30,9/28/2022
612,James Johnston,M,Don Paquette,8/8/2022,Product Support,,,,,,,,,,,,7/25/2023
613,Shane Spence,M,Don Paquette,8/8/2022,API,100,85,102,100,100,84,,,76,,,
614,Chelsea Lewis,M,Morgan Walker,8/15/2022,API,100,,,86,,,,,,,,11/30/2022
615,Christopher Williamson,M,Jennifer Kephart,8/15/2022,API,100,,,86,,,,,,,,12/16/2022
616,Tina Gomez,M,Don Paquette,8/15/2022,Express,90,,,92,,,,,,,,12/16/2022
617,Jessica Reed,M,Jennifer Kephart,8/15/2022,Express,95,,,86,,,,,,,,8/9/2023
618,Rebecca Scott,M,Jennifer Kephart,8/15/2022,LEAD program,100,93,84,90,,82,88,,,,,
619,Nathan Daugherty,F,Jennifer Kephart,8/15/2022,Marketing,95,80,,90,100,,94,,,,,
620,Kimberly Bishop,M,Morgan Walker,8/15/2022,IT Services,60,82,93,84,88,,75,,,,,
621,Tonya Graves,F,Morgan Walker,8/22/2022,Bus Analysis,80,,102,84,100,,,,,,,
622,Jennifer Walsh,F,Morgan Walker,8/22/2022,Product Support,85,92,75,90,,,,,,,,12/21/2022
623,Tiffany Martin,M,Morgan Walker,8/22/2022,Product Support,90,89,,78,,,,,,,-30,11/22/2022
624,Troy Watson,F,Jennifer Kephart,8/22/2022,Sales,85,90,,88,,,,,,,,12/9/2022
625,Jasmine Pope,M,Don Paquette,8/29/2022,Product Support,80,100,102,98,100,74,100,,,,,
626,Bradley Porter,F,Don Paquette,8/29/2022,Marketing,100,96,75,100,82,,,,,,,
627,Nancy Vance,F,Don Paquette,8/29/2022,Product Support,65,88,93,92,100,,,,,,,
628,David Green,M,Don Paquette,8/29/2022,Bus Analysis,100,100,84,,,76,,,,,,
629,Kristine Lewis,F,Don Paquette,7/5/2022,Accounting,,,,,,,,,,,,
630,Kevin Todd,M,Don Paquette,8/29/2022,API,100,98,75,,,,,,,,-30,10/24/2022
631,Renee Wyatt,M,Jennifer Kephart,9/6/2022,Product Support,80,87,102,90,,76,,,,,,
632,James Chase,M,Jennifer Kephart,9/6/2022,Product Support,,,,,,,,,,,-30,9/19/2022
633,Dr. Kristen Jones,M,Jennifer Kephart,9/6/2022,Product Support,80,98,,86,,,,,,,,
634,David Mckinney,F,Jennifer Kephart,9/6/2022,Marketing,80,,102,92,82,,100,,,,,
635,James Thompson,M,Don Paquette,9/26/2022,Product Support,,,,,,,,,,,-30,9/26/2022
636,John Christian,M,Morgan Walker,9/12/2022,IT Services,90,92,100,90,,,94,,,,,
637,Danielle Miles,F,Don Paquette,9/19/2022,Product Support,100,92,93,100,82,,,,,,,
638,Sean Lyons,F,Don Paquette,9/19/2022,Marketing,,,,,,,,,,,-30,9/19/2022
639,Joshua Garrett,F,Don Paquette,9/19/2022,Training,100,96,84,104,88,86,,,,,,
640,Candace Allen,M,Don Paquette,9/19/2022,Product Support,100,100,,100,,,,,,,,
641,Carlos Harris,M,Jennifer Kephart,9/26/2022,Bus Analysis,,,93,,,,,,,,,
642,Sara White,M,Morgan Walker,10/3/2022,Product Support,90,93,,88,,,,,,,,
643,Dr. Donna Williams,M,Don Paquette,10/10/2022,API,100,,102,,100,86,,,,,,
644,Nicole Perez,F,Morgan Walker,10/10/2022,Bus Analysis,100,,,84,,,,,,,,
645,Susan Lee,M,Morgan Walker,10/17/2022,Product Support,80,91,93,76,94,72,,,,,-30,6/19/2023
646,Derrick Gomez,F,Morgan Walker,10/24/2022,Express,60,80,,90,,82,,,,,,
647,Diane Pacheco MD,M,Don Paquette,10/31/2022,Marketing,,,,,94,90,,,,,,
648,Mr. Edward Valenzuela,M,Jennifer Kephart,11/7/2022,Product Support,80,89,45,84,,,,,,,,
649,Gregory Washington,F,Morgan Walker,11/14/2022,Product Support,90,,,86,,,,,,,,1/13/2023
650,Dylan Noble,F,Morgan Walker,11/14/2022,Product Support,60,,,52,,,,,,,,2/10/2023
651,Patricia Sanchez,M,Don Paquette,11/21/2022,Portal,,,,,,,,,,,-30,6/30/2023
652,Michelle Roberts,M,Jennifer Kephart,11/28/2022,Product Support,100,79,75,,,,,,,,,2/20/2023
653,Amy Leach,F,Morgan Walker,11/28/2022,Training,90,93,,96,100,60,,,,,,
654,Susan Powell,F,Jennifer Kephart,12/5/2022,Product Support,95,83,,104,100,,,,,,,
655,Sally Hernandez,M,Jennifer Kephart,12/5/2022,Product Support,50,,,,,,,,,,-30,1/5/2023
656,Melissa Lewis,F,Jennifer Kephart,12/5/2022,API,85,,,98,88,,100,,44,82,,
657,Virginia Burns,M,Morgan Walker,12/12/2022,,,,,,,,,,,,,12/12/2022
658,Carolyn Brown,F,Don Paquette,12/12/2022,Product Support,100,86,,,100,90,,,,,,
659,Courtney Jones,F,Morgan Walker,12/19/2022,Product Support,80,69,50,88,,,94,,,,,
660,Kelly Haley,F,Morgan Walker,12/19/2022,Product Support,,,,,,,,,,,,12/19/2022
661,Anthony Terry,F,Jennifer Kephart,1/3/2023,Channel Partner,85,90,100,98,76,,,,76,,,
662,Jessica Beasley,F,Don Paquette,1/9/2023,Product Support,100,95,,102,,,94,,88,,,
663,Sarah Pierce,M,Jennifer Kephart,1/3/2023,Product Support,,,,,,,,,,,,1/3/2023
664,Valerie Mcdonald,M,Don Paquette,1/9/2023,Systems,,,,,,,,,,,,1/9/2023
665,Kara Miller,M,Jennifer Kephart,1/3/2023,Express,100,94,,104,,,,,,,,
666,Dr. Sarah Perez,M,Jennifer Kephart,1/3/2023,QManage,80,,,92,,,,,,,,
667,Jason Harper,F,Jennifer Kephart,1/3/2023,QManage,85,,,,,,,,,,-30,2/1/2023
668,Kimberly Sanchez,F,Don Paquette,1/9/2023,Customer Success,100,93,,,,,100,,70,76,,
669,Joseph Ramsey,F,Don Paquette,1/9/2023,Sales,100,93,,,,,,,,,,4/28/2023
670,Morgan Rogers,F,Don Paquette,1/9/2023,Express,100,99,,,,,,,,,,
671,Timothy Schneider,F,Don Paquette,1/9/2023,Express,100,91,,,,,,,,,,
672,Marco Morales,M,Don Paquette,1/9/2023,Portal,100,99,,,,,,,,,,
673,Linda Stephens,M,Don Paquette,1/9/2023,API,100,,102,98,,,,,,,,
674,Stephanie Harrison,F,Morgan Walker,1/16/2023,NDT,90,,,84,,,,,,,,
675,Johnny Carroll,M,Morgan Walker,1/16/2023,Mobile,70,86,,82,,,,,,,,
676,Amber Park,F,Jennifer Kephart,1/23/2023,Pro Services,95,,102,90,,,,,82,,,
677,Karen Smith,F,Jennifer Kephart,1/23/2023,Product Support,60,,67,82,,,,,45,,,
678,Kelli Bautista,M,Jennifer Kephart,1/23/2023,Product Support,100,100,102,104,100,,100,,70,90,,
679,Sarah Martinez,M,Don Paquette,1/23/2023,Product Support,100,89,102,,,,,,,,,9/18/2023
680,Allen Petersen,F,Morgan Walker,1/30/2023,API,90,90,93,92,,,,,,,-30,9/8/2023
681,Eugene Crawford,M,Morgan Walker,1/30/2023,Product Support,90,90,84,86,,,,,,,,3/30/2023
682,Michael Sherman,F,Morgan Walker,1/30/2023,Bus Analysis,75,,93,88,88,82,,,,,,
683,Lori Randolph,M,Morgan Walker,1/30/2023,Product Support,100,87,85,92,,86,100,,70,,,
684,Alicia Ward,M,Jennifer Kephart,2/6/2023,Express,100,,,90,,,,,,80,,
685,Dustin Herrera,F,Jennifer Kephart,2/6/2023,Product Support,90,,,,,,,,,,-30,3/6/2023
686,Kenneth Hodge,F,Don Paquette,2/13/2023,Product Support,100,100,,,,,,,,,,
687,Michelle Smith,M,Don Paquette,2/13/2023,Product Support,100,90,,,,,100,,94,74,,
688,Martin Young,F,Morgan Walker,2/20/2023,Implementation,90,93,,90,,,,,,,,
689,David Mcdaniel,M,Morgan Walker,2/20/2023,Product Support,85,98,,86,,,70,,,,,
690,Debbie Perry,F,Jennifer Kephart,2/20/2023,Product Support,,,,,,,,,,,,4/4/2023
691,Allison Goodwin,M,Don Paquette,3/13/2023,QManage,,,,,76,,,,,,,
692,Kevin Brown,F,Don Paquette,3/13/2023,Product Support,100,87,,98,,,,,,,,
693,David Jones,M,Don Paquette,3/13/2023,Systems,100,,,,100,,,,,,,
694,Mathew Moon,F,Morgan Walker,3/27/2023,Product Support,85,61,,,,,,,,,-30,4/12/2023
695,Erika Waters,M,Jennifer Kephart,4/3/2023,Systems,,,,,,,,,,,,
696,Brian Phillips,M,Jennifer Kephart,4/10/2023,Customer Success,,,,,,,,,,,,
697,Gina Smith,F,Morgan Walker,4/17/2023,Product Support,95,97,,94,,52,,,,,,
698,Pamela Osborne,M,Morgan Walker,4/17/2023,Mobile,90,91,,98,100,,,,,,-30,11/10/2023
699,Ricky Woods,M,Morgan Walker,4/17/2023,Express,80,91,,75,,86,,,,,,
700,Alexander Garcia,F,Don Paquette,4/17/2023,API,100,85,,,,,,,,,,
701,Danny Knox,F,Don Paquette,4/24/2023,Implementation,100,83,,98,,,,,,,,
702,Pamela Davila,M,Don Paquette,4/24/2023,API,100,97,,,,,,,,,,
703,Bryce Allen,M,Don Paquette,4/24/2023,IT Services,100,,102,,,96,94,,,,,
704,Rebekah Cantu,F,Don Paquette,5/1/2023,Product Support,,81,,,,,,,,,-30,5/17/2023
705,Emma Cox,M,Morgan Walker,5/1/2023,Product Support,85,65,68,88,,,,,,,,
706,Stephanie Smith,M,Morgan Walker,5/1/2023,Product Support,70,85,,76,,,,,,,,
707,Shawn Wolfe,F,Jennifer Kephart,5/1/2023,Product Support,90,,,92,,,,,,,,
708,Paula Nash,M,Morgan Walker,5/1/2023,API,95,100,,94,,,,,,,,
709,Jason Marsh,M,Morgan Walker,5/1/2023,QManage,80,,,84,,,,,,,,
710,Jordan Steele,M,Morgan Walker,5/1/2023,API,90,95,,90,,,,,,,,
711,Megan Mercer,M,Morgan Walker,5/1/2023,Express,80,94,,88,,,,,,,,8/18/2023
712,Robert Gallagher,F,Morgan Walker,5/1/2023,NDT,85,79,,84,,,,,,,,
713,Hannah Mcdonald,M,Don Paquette,5/8/2023,IT Services,,,,,100,96,100,,,,,
714,Annette Hernandez,M,Don Paquette,5/8/2023,Express,100,90,,,,,,,,,,8/24/2023
715,Jorge Johnson,M,Don Paquette,5/8/2023,Express,100,83,,,,,,,,,-30,7/7/2023
716,Makayla Hernandez,F,Don Paquette,5/8/2023,RM12,100,84,,,,,,,,,,
717,Joseph Lamb,M,Don Paquette,5/8/2023,API,100,91,,,,,,,,,,8/9/2023
718,Jasmine Smith,M,Don Paquette,5/8/2023,QManage,100,,,,,,,,,,,8/4/2023
719,Donna Erickson,F,Don Paquette,5/8/2023,RM12,100,92,,,,,,,,,,8/11/2023
720,Jill Rodriguez,F,Morgan Walker,4/24/2023,Channel Partner,70,66,,90,,,,,,,,
721,Courtney Johnston,F,Jennifer Kephart,5/15/2023,Product Support,70,,,84,,,,,,,,
722,Kara Greer,M,Jennifer Kephart,5/15/2023,IT Services,,,102,,100,90,,,,,,
723,Thomas Richards,F,Jennifer Kephart,5/15/2023,Marketing,,,,,,,,,,,,8/11/2023
724,Michael Allen,F,Jennifer Kephart,5/15/2023,Sales,,,,,,,,,,,,8/9/2023
725,Sabrina Jones,M,Jennifer Kephart,5/15/2023,QManage,,,,,,,,,,,,8/4/2023
726,David Whitney,M,Jennifer Kephart,5/15/2023,API Services,,,,,,,,,,,,8/16/2023
727,Kathleen Cain,M,Jennifer Kephart,5/15/2023,Express,,,,,,,,,,,,
728,Joseph Ellis,M,Jennifer Kephart,5/15/2023,NDT,80,,,,,,,,,,,
729,Donald Wilson,M,Jennifer Kephart,5/15/2023,Dev Tools Release,,,,,,,,,,,,
730,Omar Collins,M,Jennifer Kephart,5/15/2023,Dev Tools Release,,,,,,,,,,,,8/11/2023
731,Linda Andrews,M,Jennifer Kephart,5/15/2023,Express,80,,102,86,,,,,,,,
732,Jessica Santana,M,Morgan Walker,5/22/2023,Express,90,82,,84,,,,,,,,8/11/2023
733,Richard Johnson,F,Morgan Walker,5/22/2023,API,80,80,,84,,,,,,,,8/11/2023
734,Brenda Henderson,M,Morgan Walker,5/22/2023,WD Prod,70,84,84,84,,,,,,,,
735,Jeffrey Burgess,M,Morgan Walker,5/22/2023,Product Support,85,74,102,90,,,,,,,-30,7/28/2023
736,Brian Murray,F,Don Paquette,5/30/2023,Product Support,80,80,75,100,,74,,,,,,
737,Chad Graham,M,Don Paquette,5/30/2023,Portal,100,100,,98,,,,,,,,
738,Shannon Olson,M,Don Paquette,5/30/2023,Systems,,,,,,,,,,,,
739,Terri Berry,M,Don Paquette,5/30/2023,Training,100,99,102,98,,,,,,,,
740,Mark Brady,M,Don Paquette,5/30/2023,Portal,,,,,,,,,,,,8/17/2023
741,Christina Fisher,F,Jennifer Kephart,6/5/2023,Product Support,100,,,96,,,,,,,,
742,Blake Howell,F,Jennifer Kephart,6/5/2023,Product Support,70,,,,,,,,,,-30,6/27/2023
743,Julie Hernandez,F,Jennifer Kephart,6/5/2023,Product Support,80,,,88,100,,,,,,,
744,Michael Owens,M,Jennifer Kephart,6/5/2023,Product Support,90,,,86,82,76,,,,,,
745,Deborah Crawford,F,Jennifer Kephart,7/17/2023,Express,85,80,,82,,,,,,,,
746,Darryl Spencer,F,Jennifer Kephart,6/5/2023,Marketing,,,,,,,,,,,,
747,Lacey Williams,F,Morgan Walker,6/12/2023,Product Support,95,87,102,100,100,94,,,,,,
748,Eric Weber,F,Morgan Walker,6/12/2023,Express,85,68,,92,94,,,,,,,
749,Jack Newton,M,Morgan Walker,6/12/2023,Marketing,85,,,84,,,,,,,,9/1/2023
750,Cheryl Schwartz,M,Jennifer Kephart,6/19/2023,Product Support,80,,,78,,,,,,,-30,9/1/2023
751,Kristi Taylor,F,Jennifer Kephart,6/19/2023,Customer Success,85,,,84,76,62,,,,,,
752,Rebecca Petersen,F,Morgan Walker,6/26/2023,Marketing,90,75,,82,,,,,,,,
753,Christina Dominguez,M,Don Paquette,7/3/2023,Express,80,85,,98,,,,,,,,
754,Brianna Phillips,F,Morgan Walker,7/10/2023,Product Support,90,99,,88,,,,,,,-30,9/15/2023
755,Jasmine Phillips,F,Morgan Walker,7/10/2023,Bus Analysis,85,86,93,86,94,,,,,,,
756,Jennifer West,M,Jennifer Kephart,7/17/2023,Marketing,90,95,,92,,,,,,,,
757,Michael Martin,F,Don Paquette,7/24/2023,Product Support,70,85,,,,,,,,,-30,8/14/2023
758,Dr. David Rodriguez,F,Don Paquette,7/24/2023,Product Support,90,84,,98,,,,,,,,
759,William Barr,M,Don Paquette,7/24/2023,Product Support,95,100,,98,,,,,,,,
760,Timothy Hart,F,Morgan Walker,7/31/2023,Accounting,90,80,75,84,,,,,,,,
761,Mark Wilson,M,Morgan Walker,7/31/2023,Product Support,95,94,67,84,,,,,,,,
762,Laura Anderson,M,Morgan Walker,7/31/2023,API,90,91,,88,,,,,,,,
763,Jaime Drake,F,Jennifer Kephart,8/7/2023,Marketing,80,,93,88,94,88,,,,,,
764,Patricia Mcknight,M,Jennifer Kephart,8/7/2023,API Services,85,71,,84,,44,,,,,,
765,Jacob Mcmahon,M,Jennifer Kephart,8/7/2023,Product Support,90,90,93,90,94,,,,,,,
766,Brett Camacho,F,Jennifer Kephart,8/7/2023,RM12,100,99,84,92,88,86,,,,,,
767,Maria Collins,F,Morgan Walker,8/14/2023,Training,90,100,102,92,,,,,,,,
768,Mary Floyd,M,Morgan Walker,8/14/2023,Product Support,70,69,,80,,,,,,,-30,10/17/2023
769,Dr. Crystal Copeland DVM,F,Don Paquette,8/14/2023,Product Support,80,72,,,,,,,,,,
770,Alexander Wells,M,Morgan Walker,8/14/2023,API,80,93,102,94,,,,,,,,
771,Philip Lopez,M,Morgan Walker,8/14/2023,QManage,80,,,84,,,,,,,,
772,Christina Young,M,Morgan Walker,8/14/2023,Express,70,83,,84,,,,,,,,
773,Jimmy Thomas,F,Morgan Walker,8/14/2023,Dev Tools Release,90,90,,84,,,,,,,,
774,Darlene Robinson,F,Don Paquette,8/21/2023,Bus Analysis,,96,93,,,,,,,,,
775,Tonya Barrett,M,Don Paquette,8/21/2023,Express,80,94,,,,,,,,,,
776,Olivia Rodriguez,F,Don Paquette,8/21/2023,Express,80,87,,,,,,,,,,
777,Jerome Jones,M,Don Paquette,8/21/2023,RM12,80,93,102,,,,,,,,,
778,Henry Conner,M,Don Paquette,8/21/2023,Express,80,93,,,,,,,,,,
779,Corey Robinson,F,Morgan Walker,8/28/2023,Implementation,90,95,,86,,,,,,,,
780,Julie Robinson,M,Jennifer Kephart,9/5/2023,Express,100,100,,92,,,,,,,,
781,David Hopkins,M,Don Paquette,9/5/2023,Product Support,95,44,75,,,,,,,,,
782,William Carey,M,Morgan Walker,9/11/2023,Product Support,85,88,,84,,,,,,,,
783,Dale Hill,M,Morgan Walker,9/11/2023,Product Support,75,88,,,,,,,,,-30,9/29/2023
784,Amanda Ruiz,F,Morgan Walker,9/11/2023,Product Support,95,99,,92,,,,,,,,
785,Latasha Reese,M,Jennifer Kephart,9/18/2023,Product Support,80,63,,84,,,,,,,,
786,Shawn Wright,M,Don Paquette,9/25/2023,Product Support,80,88,,,,,,,,,,
787,Mr. Daniel Bridges,F,Morgan Walker,9/25/2023,Product Support,70,61,,80,,,,,,,,
788,Lisa Gallagher,M,Jennifer Kephart,10/2/2023,Sales,85,76,,,,,,,,,,
789,Brooke Larson,F,Jennifer Kephart,10/2/2023,Product Support,85,96,,,,,,,,,,
790,Daniel Torres,M,Jennifer Kephart,10/2/2023,API,85,90,93,,,,,,,,,
791,Vincent Hernandez,M,Jennifer Kephart,10/2/2023,Express,100,99,,,,,,,,,,
792,David Greene,M,Jennifer Kephart,10/2/2023,Express,100,94,93,,,,,,,,,
793,Rebecca Marshall,M,Don Paquette,10/9/2023,Product Support,,93,,,,,,,,,,
794,James Boyd,M,Don Paquette,10/9/2023,Product Support,,83,,,,,,,,,,
795,Jon Jennings,M,Morgan Walker,10/16/2023,Product Support,75,59,,,,,,,,,,
796,Laurie Peterson,M,Jennifer Kephart,10/30/2023,API Services,100,99,,,,,,,,,,
797,Christopher Cole,M,Jennifer Kephart,10/30/2023,Product Support,85,84,,,,,,,,,,
798,Patricia Orozco,M,Jennifer Kephart,10/30/2023,Express,100,90,,,,,,,,,,
799,Daniel Dickerson,M,Jennifer Kephart,10/30/2023,Product Support,80,97,,,,,,,,,,
800,Pamela Herrera,F,Morgan Walker,11/6/2023,Product Support,,,,,,,,,,,,
801,Wayne Rodriguez,M,Don Paquette,11/6/2023,Product Support,100,92,,,,,,,,,,
802,Peter Taylor,F,Jennifer Kephart,11/13/2023,API,,,,,,,,,,,,
803,Thomas Ayala,F,Jennifer Kephart,11/13/2023,Product Support,,,,,,,,,,,,
